
@thesis{abtsUeberarbeitungUndErweiterung2016,
  title = {Überarbeitung und Erweiterung eines Client- / Server-Systems zur Durchführung von ITSicherheitsschulungen (Capture the Flag)},
  author = {Abts, Benjamin},
  date = {2016-06},
  institution = {{Hochschule Niederrhein}},
  langid = {german},
  pagetotal = {85},
  type = {Bachelor Arbeit}
}

@online{ariasHashingActionUnderstanding2018,
  title = {Hashing in {{Action}}: {{Understanding}} Bcrypt},
  shorttitle = {Hashing in {{Action}}},
  author = {Arias, Dan},
  date = {2018-05-31},
  journaltitle = {Auth0 - Blog},
  url = {https://auth0.com/blog/hashing-in-action-understanding-bcrypt/},
  urldate = {2020-07-30},
  abstract = {The bcrypt hashing function allows us to build a password security platform that scales with computation power and always hashes every pa...},
  file = {/quellen/auth0_com_blog_hashing_in_action_understanding_bcrypt.pdf},
  langid = {english}
}

@online{bachfeldGiftspritze2004,
  title = {Giftspritze},
  author = {Bachfeld, Daniel},
  date = {2004-01-06},
  journaltitle = {Security},
  url = {https://www.heise.de/security/artikel/Giftspritze-270382.html},
  urldate = {2020-07-06},
  abstract = {SQL-Injection bezeichnet das Einschleusen von eigenen Befehlen in eine SQL-Datenbank. Überprüft eine Web-Applikation Benutzereingaben nicht ausreichend, ist damit jede Datenbank auf jedem Betriebssystem verwundbar.},
  file = {/quellen/www_heise_de_security_artikel_Giftspritze_270382_html.pdf},
  langid = {german}
}

@online{barsigCyberAttackeAufPotsdamer2020,
  title = {Cyber-Attacke auf das Potsdamer Rathaus},
  author = {Barsig, Valerie and Haase, Jana},
  date = {2020-01-22},
  url = {https://www.pnn.de/potsdam/hacker-nutzten-sicherheitsluecke-cyber-attacke-auf-das-potsdamer-rathaus/25462398.html},
  urldate = {2020-05-16},
  abstract = {Das Potsdamer Rathaus ist offenbar Opfer eines Hackerangriffs geworden. Am Abend informierten Vertreter der Stadt in einer Pressekonferenz zu der Attacke und darüber, ob Bürgerdaten abgegriffen wurden.},
  file = {/quellen/www_pnn_de_potsdam_hacker_nutzten_sicherheitsluecke_cyber_at.pdf},
  langid = {german}
}

@article{baumCyberangriffGiessenIst2019,
  title = {Cyberangriff: Gießen ist off},
  shorttitle = {Cyberangriff},
  author = {Baum, Carla},
  date = {2019-12-17},
  journaltitle = {Die Zeit},
  location = {{Hamburg}},
  issn = {0044-2070},
  url = {https://www.zeit.de/campus/2019-12/cyberangriff-giessen-justus-liebig-universitaet-internet-offline/komplettansicht},
  urldate = {2020-05-16},
  abstract = {Die Uni Gießen ist seit neun Tagen offline. Was passiert, wenn Hacker eine Organisation mit mehreren Zehntausend Menschen angreifen? Ein Besuch im Ausnahmezustand},
  entrysubtype = {newspaper},
  file = {/quellen/www_zeit_de_campus_2019_12_cyberangriff_giessen_justus_liebi.pdf},
  keywords = {Bildung,Computer,Facebook,Gießen,Internet},
  langid = {german}
}

@misc{beimsWebApplikationenREST2014,
  title = {Web-Applikationen / REST},
  author = {Beims, Hans Dieter},
  date = {2014-12-10},
  langid = {german},
  note = {Revision 2}
}

@article{bergWirtschaftsschutzDigitalenWelt2019,
  title = {Wirtschaftsschutz in der digitalen Welt},
  author = {Berg, Achim and Niemeier, Michael},
  date = {2019-06-11},
  pages = {13},
  file = {/quellen/bitkom_wirtschaftsschutz_2019_0.pdf},
  langid = {german}
}

@online{bezJavaScriptEinfuehrungReact2015,
  title = {JavaScript: Einführung in React},
  shorttitle = {JavaScript},
  author = {Bez, Roberto},
  date = {2015-06-12},
  journaltitle = {Developer},
  url = {https://www.heise.de/developer/artikel/JavaScript-Einfuehrung-in-React-2689175.html},
  urldate = {2020-07-15},
  abstract = {React ist ein von Facebook entwickeltes JavaScript-Framework, das von einer ständig wachsenden Community gepflegt wird. Wegen der Möglichkeit, React Views sowohl auf dem Client, als auch auf dem Server zu rendern, erfreut sich das Framework bei vielen Entwicklern großer Beliebtheit.},
  file = {/quellen/www_heise_de_developer_artikel_JavaScript_Einfuehrung_in_Rea.pdf},
  langid = {german}
}

@online{boenigkWasIstPostgreSQL,
  title = {Was Ist {{PostgreSQL}}? | {{PostgreSQL}}},
  author = {Boenigk, Cornelia and Burger, Ralf},
  url = {http://postgresql.de/was-ist-postgresql},
  urldate = {2020-07-10},
  file = {/quellen/postgresql_de_was_ist_postgresql.pdf}
}

@online{boersmaContainerizationDefinitionBest2019,
  title = {Containerization: {{A Definition}} and {{Best Practices Guide}} - {{Plutora}}.Com},
  shorttitle = {Containerization},
  author = {Boersma, Eric},
  date = {2019-07-08},
  journaltitle = {Plutora},
  url = {https://www.plutora.com/blog/containerization-best-practices},
  urldate = {2020-07-18},
  abstract = {Learn about what is containerization, how works and best practices to improve your software delivery process in your organization.},
  file = {/quellen/plutora-blog-containerization-best-practices-2020-07-31-00_51_13.pdf},
  langid = {american}
}

@online{colbyWindows10Dark2020,
  title = {Windows 10 Dark Mode Is Here. {{Turn}} It on Now},
  author = {Colby, Clifford},
  date = {2020-02-15},
  journaltitle = {CNET},
  url = {https://www.cnet.com/how-to/windows-10-dark-mode-is-here-turn-it-on-now/},
  urldate = {2020-07-19},
  abstract = {You don't have to be jealous of Mac and Android users. In Windows 10, you can turn on dark mode, too.},
  file = {/quellen/www_cnet_com_how_to_windows_10_dark_mode_is_here_turn_it_on_.pdf},
  langid = {english}
}

@online{curlCurlHowUse,
  title = {Curl - {{How To Use}}},
  author = {{cURL}},
  url = {https://curl.haxx.se/docs/manpage.html},
  urldate = {2020-07-15},
  file = {/quellen/curl_haxx_se_docs_manpage_html.pdf}
}

@online{dawsonJavaScriptHistoryHow2014,
  title = {{{JavaScript}}’s {{History}} and {{How}} It {{Led To ReactJS}}},
  author = {Dawson, Chris},
  date = {2014-07-25},
  journaltitle = {The New Stack},
  url = {https://thenewstack.io/javascripts-history-and-how-it-led-to-reactjs/},
  urldate = {2020-07-15},
  abstract = {Facebook today offered a fantastic presentation on ReactJS, “A JavaScript library for building user interfaces.” The presenter, Christopher Chedeau~from Facebook, spoke briefly about the history of JavaScript and why Facebook wrote ReactJS. If you’ve played with ReactJS and understand at least the basics of “how” to write ReactJS, this talk will explain the “why.” ReactJS …},
  file = {/quellen/thenewstack_io_javascripts_history_and_how_it_led_to_reactjs.pdf},
  langid = {american}
}

@online{db-enginesDBEnginesRanking,
  title = {{{DB}}-{{Engines Ranking}}},
  author = {{DB-Engines}},
  journaltitle = {DB-Engines},
  url = {https://db-engines.com/en/ranking},
  urldate = {2020-07-09},
  abstract = {Popularity ranking of database management systems.},
  file = {/quellen/W5NV6AEB/ranking.html},
  langid = {english}
}

@online{djangoDjangoDocumentationDjango,
  title = {Django Documentation | {{Django}} Documentation | {{Django}}},
  author = {{Django}},
  url = {https://docs.djangoproject.com/en/3.0/},
  urldate = {2020-07-09},
  file = {/quellen/db_engines_com_en_ranking.pdf}
}

@online{dockerinc.OverviewDockerCompose2020,
  title = {Overview of {{Docker Compose}}},
  author = {{Docker Inc.}},
  date = {2020-07-15},
  journaltitle = {Docker Documentation},
  url = {https://docs.docker.com/compose/#features},
  urldate = {2020-07-18},
  abstract = {Introduction and Overview of Compose},
  file = {/quellen/docs_docker_com_compose_features.pdf},
  langid = {english}
}

@online{drillingWasIstDatenbank2017,
  title = {Was ist eine Datenbank?},
  author = {Drilling, Thomas and Ostler, Ulrike},
  date = {2017-08-03},
  url = {https://www.datacenter-insider.de/was-ist-eine-datenbank-a-630652/},
  urldate = {2020-07-22},
  abstract = {Datenbanken sind so alt, wie die die IT selbst. Allgemein handelt es sich dabei um ein Abstraktionsmodell zum Speichern von Daten, und gewöhnlich effizienter als ein Dateisystem. So kommen Datenbanken als Speicher für die meisten Geschäftsanwendungen wie ERP, CRM und alle Arten von Business-Software zum Einsatz; seit einigen Jahren dienen sie zudem zum Generieren von Inhalten dynamischer Websites oder zum Sichern von Status-Informationen bei komplexen Webanwendungen.},
  file = {/quellen/www_datacenter_insider_de_was_ist_eine_datenbank_a_630652.pdf},
  langid = {german}
}

@online{fladeCyberangriffAufBundestag2020,
  title = {Cyberangriff auf Bundestag: Haftbefehl gegen russischen Hacker},
  shorttitle = {Cyberangriff auf Bundestag},
  author = {Flade, Florian and Mascolo, Georg},
  date = {2020-05-05},
  journaltitle = {tagesschau.de},
  url = {https://www.tagesschau.de/investigativ/ndr-wdr/hacker-177.html},
  urldate = {2020-05-16},
  abstract = {Vor fünf Jahren griffen Hacker das IT-System des Bundestags an. Jetzt hat die Bundesanwaltschaft nach Recherchen von WDR, NDR und SZ einen Haftbefehl gegen einen Tatverdächtigen erwirkt. Er soll für den russischen Geheimdienst arbeiten.},
  file = {/quellen/www_tagesschau_de_investigativ_ndr_wdr_hacker_177_html.pdf},
  langid = {german}
}

@online{gaviganHistoryAngular2018,
  title = {The {{History}} of {{Angular}}},
  author = {Gavigan, Dave},
  date = {2018-05-25},
  journaltitle = {Medium},
  url = {https://medium.com/the-startup-lab-blog/the-history-of-angular-3e36f7e828c7},
  urldate = {2020-07-14},
  abstract = {The past, present, and future of Angular},
  file = {/quellen/medium_com_the_startup_lab_blog_the_history_of_angular_3e36f.pdf},
  langid = {english}
}

@online{githubAngularGitHub2020,
  title = {Angular on {{GitHub}}},
  author = {{GitHub}},
  date = {2020-07-13},
  journaltitle = {GitHub},
  url = {https://github.com/topics/angular},
  urldate = {2020-07-13},
  abstract = {Projekte auf GitHub die Angular nutzen},
  langid = {english}
}

@online{githubDependentsReact2020,
  title = {Dependents of {{React}}},
  author = {{GitHub}},
  date = {2020-07-13},
  journaltitle = {GitHub},
  url = {https://github.com/facebook/react/network/dependents},
  urldate = {2020-07-13},
  abstract = {Repositories that depend on react},
  langid = {english}
}

@online{githubDependentsVue2020,
  title = {Dependents of {{Vue}}},
  author = {{GitHub}},
  date = {2020-07-13},
  journaltitle = {GitHub},
  url = {https://github.com/vuejs/vue/network/dependents?package_id=UGFja2FnZS00OTM3Mjg3MDY%3D},
  urldate = {2020-07-13},
  abstract = {Repositories that depend on vue},
  langid = {english}
}

@online{githubReactGitHub2020,
  title = {React on {{GitHub}}},
  author = {{GitHub}},
  date = {2020-07-13},
  journaltitle = {GitHub},
  url = {https://github.com/topics/react},
  urldate = {2020-07-13},
  abstract = {Projekte auf GitHub die React nutzen},
  langid = {english}
}

@online{githubVueGitHub2020,
  title = {Vue on {{GitHub}}},
  author = {{GitHub}},
  date = {2020-07-13},
  journaltitle = {GitHub},
  url = {https://github.com/topics/vue},
  urldate = {2020-07-13},
  abstract = {Projekte auf GitHub die Vue nutzen},
  langid = {english}
}

@online{googleAngularAngularVersioning2020,
  title = {Angular - {{Angular}} Versioning and Releases},
  author = {{Google}},
  date = {2020},
  url = {https://angular.io/guide/releases},
  urldate = {2020-07-14},
  file = {/quellen/angular_io_guide_releases.pdf},
  note = {Version 10.0.4-local+sha.9cf78d5701.}
}

@online{googleDarkTheme,
  title = {Dark Theme},
  author = {{Google}},
  journaltitle = {Material Design},
  url = {https://material.io/design/color/dark-theme.html#usage},
  urldate = {2020-07-19},
  abstract = {Dark themes are a lower light alternative to light UIs.},
  file = {/quellen/material_io_design_color_dark_theme_html_usage.pdf},
  langid = {english}
}

@online{googleGoogleTrends2020,
  title = {Google Trends},
  author = {{Google}},
  date = {2020-07-13},
  url = {https://trends.google.com/trends/explore?cat=733&date=2020-01-01%202020-12-31&q=React,Vue,Angular},
  urldate = {2020-07-13},
  abstract = {Suchinteresse für "React, Vue, Angular" nach Zeitraum, Ort und Beliebtheit bei Google Trends erkunden},
  file = {/quellen/trends-google-trends-explore-2020-07-31-00_52_14.pdf},
  langid = {german}
}

@online{googleHaufigGestellteFragen2020,
  title = {Häufig Gestellte {{Fragen}} Zu {{Google Trends}}-{{Daten}} - {{Google Trends}}-{{Hilfe}}},
  author = {{Google}},
  date = {2020},
  url = {https://support.google.com/trends/answer/4365533?hl=de&ref_topic=6248052},
  urldate = {2020-07-13},
  abstract = {Google Trends bietet Zugriff auf eine weitgehend ungefilterte Stichprobe von tatsächlichen Suchanfragen an Google. Google Trends ist anonym (niemand wird persönlich identifiziert). Die Ergebnisse werden kategorisiert (nach dem Thema der Suchanfrage) und zusammengefasst (gruppiert). So können wir die weltweite oder auch regionale (bis hin zu einzelnen Städten) Interessenlage bezüglich bestimmter Themen abbilden.},
  file = {/quellen/support_google_com_trends_answer_4365533_hl_de_ref_topic_624.pdf}
}

@misc{hochschuleniederrheinFlyerInstitutClavis,
  title = {Flyer {{Institut Clavis}}},
  author = {{Hochschule Niederrhein}},
  url = {https://www.hs-niederrhein.de/fileadmin/dateien/Institute_und_Kompetenzzentren/Clavis/Flyer_Institut_Clavis__5_.pdf},
  urldate = {2020-05-16},
  file = {/quellen/NYSUH85Q/Flyer_Institut_Clavis__5_.pdf}
}

@online{hochschuleniederrheinHackernRoteKarte2020,
  title = {Hackern die rote Karte zeigen - Neuer Studiengang Cyber Security Management},
  author = {{Hochschule Niederrhein}},
  date = {2020-02-07},
  url = {https://www.hs-niederrhein.de/startseite/news/news-detailseite/?tx_news_pi1%5Bnews%5D=18990&cHash=e849d260ecd92cf53fc9c98f6dc9edaa},
  urldate = {2020-05-16},
  file = {/quellen/www_hs-niederrhein_de_fileadmin_dateien_Institute_und_Kompetenzzentren_Clavis_Flyer_Institut_Clavis__5_.pdf},
  langid = {german}
}

@misc{hochschuleniederrheinModulhandbuchVollzeitBA2019,
  title = {Modulhandbuch {{Vollzeit BA Informatik}}},
  author = {{Hochschule Niederrhein}},
  date = {2019-12-09},
  url = {https://www.hs-niederrhein.de/fileadmin/dateien/FB03/Studierende/Bachelor-Studiengaenge/PO2013/modul__bi.pdf},
  urldate = {2020-05-16},
  file = {/quellen/htwww_hs-niederrhein_de_fileadmin_dateien_FB03_Studierende_Bachelor-Studiengaenge_PO2013_modul__bi.pdf}
}

@online{hurtzHackerAngriffAufGericht2020,
  title = {Hacker-Angriff auf Gericht massiver als bislang bekannt},
  author = {Hurtz, Simon and Heidtmann, Jan and Hoppenstedt, Max},
  date = {2020-01-28},
  journaltitle = {Süddeutsche.de},
  url = {https://www.sueddeutsche.de/digital/berlin-kammergericht-hacker-angriff-emotet-1.4775305},
  urldate = {2020-05-16},
  abstract = {Am Berliner Kammergericht werden auch Terror- und Staatsschutzverfahren verhandelt, auf den Servern lagern sensible Daten.},
  file = {/quellen/www_sueddeutsche_de_digital_berlin_kammergericht_hacker_angr.pdf},
  langid = {german}
}

@online{ionosMariaDBVsMySQL2020,
  title = {{{MariaDB}} vs. {{MySQL}}},
  author = {{IONOS}},
  date = {2020-03-10},
  journaltitle = {IONOS Digitalguide},
  url = {https://www.ionos.com/digitalguide/hosting/technical-matters/mariadb-vs-mysql/},
  urldate = {2020-07-10},
  abstract = {MySQL or MariaDB? How does the latter, community-developed fork of MySQL, compare with the former, classic database management system? We compare their performance, functionality, safety of use, and support options.},
  file = {/quellen/www_ionos_com_digitalguide_hosting_technical_matters_mariadb.pdf},
  langid = {english}
}

@online{it-daily.netITSecurityExpertenWerdenHanderingend2019,
  title = {{{IT}}-{{Security}}-{{Experten}} Werden Händeringend Gesucht - It-Daily.Net},
  author = {{it-daily.net}},
  date = {2019-03-03},
  url = {https://www.it-daily.net/analysen/20773-it-security-experten-werden-haenderingend-gesucht},
  urldate = {2020-05-16},
  file = {/quellen/www_it_daily_net_analysen_20773_it_security_experten_werden_.pdf}
}

@book{knuthArtComputerProgramming1998,
  title = {The {{Art}} of {{Computer Programming}}: {{Volume}} 3: {{Sorting}} and {{Searching}} (2nd {{Edition}})},
  author = {Knuth, Donald Ervin},
  date = {1998-05},
  publisher = {{Addison-Wesley Professional}},
  url = {https://www.xarg.org/ref/a/0201896850/},
  abstract = {The Art of Computer Programming: Volume 3: Sorting and Searching (2nd Edition) (Book, 1998)},
  isbn = {0-201-89685-0}
}

@online{kripalaniIfYouRe2017,
  title = {If You’re a Startup, You Should Not Use {{React}} (Reflecting on the {{BSD}} + Patents License)},
  author = {Kripalani, Raúl},
  date = {2017-11-21},
  journaltitle = {Medium},
  url = {https://medium.com/@raulk/if-youre-a-startup-you-should-not-use-react-reflecting-on-the-bsd-patents-license-b049d4a67dd2},
  urldate = {2020-07-15},
  abstract = {That is, if you ever hope to be acquired by a larger company},
  file = {/quellen/medium_com_raulk_if_youre_a_startup_you_should_not_use_react.pdf},
  langid = {english}
}

@online{kuchlingPEP206Python,
  title = {{{PEP}} 206 -- {{Python Advanced Library}}},
  author = {Kuchling, A.M.},
  journaltitle = {Python.org},
  url = {https://www.python.org/dev/peps/pep-0206/},
  urldate = {2020-07-09},
  abstract = {The official home of the Python Programming Language},
  file = {/quellen/www_python_org_dev_peps_pep_0206.pdf},
  langid = {english}
}

@online{kulturbanause-teamMaterialDesignDesignsprache2017,
  title = {Material Design – Die Designsprache von Google},
  author = {{kulturbanause-Team}},
  date = {2017-12-26},
  journaltitle = {kulturbanause® blog},
  url = {https://blog.kulturbanause.de/2016/01/material-design-die-designsprache-von-google/},
  urldate = {2020-07-19},
  abstract = {In diesem Artikel erklären wir euch, was Material Design ist, welcher Unterschied zum Flat Design besteht und welche Gestaltungsregeln zur korrekten Umsetzung berücksichtigt werden müssen.},
  file = {/quellen/blog_kulturbanause_de_2016_01_material_design_die_designspra.pdf},
  langid = {german}
}

@online{larsonFacebookJustChanged2017,
  title = {Facebook Just Changed the License on {{React}}. {{Here}}’s a 2-Minute Explanation Why.},
  author = {Larson, Quincy},
  date = {2017-09-28},
  journaltitle = {freeCodeCamp.org},
  url = {https://www.freecodecamp.org/news/facebook-just-changed-the-license-on-react-heres-a-2-minute-explanation-why-5878478913b2/},
  urldate = {2020-07-15},
  abstract = {Facebook just changed the license on React. Here’s a 2-minute explanation why.
Photo credit [https://www.flickr.com/photos/quintanomedia/34183499176]Facebook
just switched several of its open source projects — including React — over to
the popular MIT license.

Before that, Facebook was using their own custom “BSD+Patents” license. This was
similar to the widely-used BSD license, but also included a clause that
basically said: “you can’t sue Facebook for infringing on your pate},
  file = {/quellen/www_freecodecamp_org_news_facebook_just_changed_the_license_.pdf},
  langid = {english}
}

@online{mdncontributorsDjangoIntroduction2019,
  title = {Django Introduction},
  author = {MDN contributors and Mozilla},
  date = {2019-11-30},
  journaltitle = {MDN Web Docs},
  url = {https://developer.mozilla.org/en-US/docs/Learn/Server-side/Django/Introduction},
  urldate = {2020-07-09},
  abstract = {Congratulations, you've completed the first step in your Django journey!~You should now understand Django's main benefits, a little about its history, and roughly what each of the main parts of a Django app might look like. You should have also learned a few things about the Python programming language, including the syntax for lists, functions, and classes.},
  file = {/quellen/developer_mozilla_org_en_US_docs_Learn_Server_side_Django_In.pdf},
  langid = {english}
}

@online{mdncontributorsHTTPHeaders2020,
  title = {{{HTTP}} Headers},
  author = {MDN contributors and Mozilla},
  date = {2020-04-27},
  journaltitle = {MDN Web Docs},
  url = {https://developer.mozilla.org/en-US/docs/Web/HTTP/Headers},
  urldate = {2020-07-08},
  abstract = {HTTP headers let the client and the server pass additional information with an HTTP request or response. An HTTP header consists of its case-insensitive name followed by a colon (:), then by its value.},
  file = {/quellen/developer_mozilla_org_en_US_docs_Web_HTTP_Headers.pdf},
  langid = {english}
}

@online{mdncontributorsHTTPRequestMethods2020,
  title = {{{HTTP}} Request Methods},
  author = {MDN contributors and Mozilla},
  date = {2020-02-01},
  journaltitle = {MDN Web Docs},
  url = {https://developer.mozilla.org/en-US/docs/Web/HTTP/Methods},
  urldate = {2020-06-16},
  abstract = {HTTP defines a set of request methods to indicate the desired action to be performed for a given resource. Although they can also be nouns, these request~methods are sometimes referred to as HTTP verbs. Each of them implements a different semantic, but some common features are shared by a group of them: e.g. a request method can be safe, idempotent, or cacheable.},
  langid = {english}
}

@online{mdncontributorsServersideWebFrameworks2020,
  title = {Server-Side Web Frameworks},
  author = {MDN contributors and Mozilla},
  date = {2020-06-03},
  journaltitle = {MDN Web Docs},
  url = {https://developer.mozilla.org/en-US/docs/Learn/Server-side/First_steps/Web_frameworks},
  urldate = {2020-07-08},
  abstract = {This article has shown that web frameworks can make it easier to develop and maintain server-side code. It has also provided a high level overview of a few popular frameworks, and discussed criteria for choosing a web application framework. You should now have at least an idea of how to choose a web framework for your own server-side development. If not, then don't worry — later on in the course we'll give you detailed tutorials on Django and Express to give you some experience of actually working with a web framework.},
  file = {/quellen/developer_mozilla_org_en_US_docs_Learn_Server_side_First_ste.pdf},
  langid = {english}
}

@online{melnikSinglePageApplication2020,
  title = {Single {{Page Application}} ({{SPA}}) vs {{Multi Page Application}} ({{MPA}}): {{Pros}} and {{Cons}} - {{Merehead}}},
  author = {Melnik, Ian},
  date = {2020-04-17},
  url = {https://merehead.com/blog/single-page-application-vs-multi-page-application/},
  urldate = {2020-06-04},
  file = {/quellen/merehead_com_blog_single_page_application_vs_multi_page_appl.pdf}
}

@book{menezesHandbookAppliedCryptography1996,
  title = {Handbook of {{Applied Cryptography}}},
  author = {Menezes, Alfred J. and van Oorschot, Paul C. and Vanstone, Scott A.},
  date = {1996-12-16},
  edition = {1 edition},
  publisher = {{CRC Press}},
  location = {{Boca Raton}},
  abstract = {Cryptography, in particular public-key cryptography, has emerged in the last 20 years as an important discipline that is not only the subject of an enormous amount of research, but provides the foundation for information security in many applications. Standards are emerging to meet the demands for cryptographic protection in most areas of data communications. Public-key cryptographic techniques are now in widespread use, especially in the financial services industry, in the public sector, and by individuals for their personal privacy, such as in electronic mail. This Handbook will serve as a valuable reference for the novice as well as for the expert who needs a wider scope of coverage within the area of cryptography. It is a necessary and timely guide for professionals who practice the art of cryptography. The Handbook of Applied Cryptography provides a treatment that is multifunctional:It serves as an introduction to the more practical aspects of both conventional and public-key cryptographyIt is a valuable source of the latest techniques and algorithms for the serious practitionerIt provides an integrated treatment of the field, while still presenting each major topic as a self-contained unitIt provides a mathematical treatment to accompany practical discussionsIt contains enough abstraction to be a valuable reference for theoreticians while containing enough detail to actually allow implementation of the algorithms discussedNow in its third printing, this is the definitive cryptography reference that the novice as well as experienced developers, designers, researchers, engineers, computer scientists, and mathematicians alike will use.},
  isbn = {978-0-8493-8523-0},
  langid = {english},
  pagetotal = {780}
}

@online{oraclecorporationMySQLMySQLReference2020,
  title = {{{MySQL}} :: {{MySQL}} 8.0 {{Reference Manual}} :: 1.3.1 {{What}} Is {{MySQL}}?},
  author = {{Oracle Corporation}},
  date = {2020},
  url = {https://dev.mysql.com/doc/refman/8.0/en/what-is-mysql.html},
  urldate = {2020-07-10},
  file = {/quellen/dev_mysql_com_doc_refman_8_0_en_what_is_mysql_html.pdf}
}

@online{oraclecorporationMySQLMySQLReference2020a,
  title = {{{MySQL}} :: {{MySQL}} 8.0 {{Reference Manual}} :: 1.3.2 {{The Main Features}} of {{MySQL}}},
  author = {{Oracle Corporation}},
  date = {2020},
  url = {https://dev.mysql.com/doc/refman/8.0/en/features.html},
  urldate = {2020-07-10},
  file = {/quellen/dev_mysql_com_doc_refman_8_0_en_features_html.pdf}
}

@online{oraclecorporationOracleVMVirtualBox2020,
  title = {{{Oracle}}® {{VM VirtualBox}}® {{User Guide}}},
  author = {{Oracle Corporation}},
  date = {2020-06-05},
  url = {https://www.virtualbox.org/manual/UserManual.html#features-overview},
  urldate = {2020-07-06},
  file = {/quellen/www_virtualbox_org_manual_UserManual_html_features_overview.pdf},
  langid = {american},
  note = {Version 6.1.10}
}

@online{palletsDesignDecisionsFlask2010,
  title = {Design {{Decisions}} in {{Flask}} — {{Flask Documentation}} (1.1.x)},
  author = {"Pallets},
  date = {2010},
  url = {https://flask.palletsprojects.com/en/1.1.x/design/#design},
  urldate = {2020-07-09},
  file = {/quellen/flask_palletsprojects_com_en_1_1_x_design_design.pdf}
}

@online{palletsForewordFlaskDocumentation2010,
  title = {Foreword — {{Flask Documentation}} (1.1.x)},
  author = {{Pallets}},
  date = {2010},
  url = {https://flask.palletsprojects.com/en/1.1.x/foreword/},
  urldate = {2020-07-09},
  file = {/quellen/flask_palletsprojects_com_en_1_1_x_foreword.pdf}
}

@online{potterReactVsVue2020,
  title = {React vs Vue vs Angular | Npm Trends},
  author = {Potter, John},
  date = {2020-07-13},
  url = {https://www.npmtrends.com/react-vs-vue-vs-angular-vs-@angular/core},
  urldate = {2020-07-13},
  abstract = {Downloads in den letzten  6 Monaten von react, vue und angular},
  file = {/quellen/www_npmtrends_com_react_vs_vue_vs_angular_vs_angular_core.pdf}
}

@online{preston-wernerSemanticVersioning,
  title = {Semantic Versioning 2.0.0},
  author = {Preston-Werner, Tom},
  journaltitle = {Semantic Versioning},
  url = {https://semver.org/lang/de/},
  urldate = {2020-07-14},
  abstract = {Semantic Versioning spec and website},
  file = {/quellen/semver_org_lang_de.pdf},
  langid = {german}
}

@misc{quadePraktikumITSecurity2017,
  title = {Praktikum IT-Security},
  author = {Quade, Jürgen},
  date = {2017-09-25},
  langid = {german},
  note = {Revision 2}
}

@book{quadeWasSieSchon2019,
  title = {Was Sie schon immer über IT-Security wissen sollten... Eine praxisorientierte Einführung in die Rechner- und Netzwerksicherheit},
  shorttitle = {Was Sie schon immer über IT-Security wissen sollten...},
  author = {Quade, Jürgen},
  date = {2019-09-18},
  volume = {2.0},
  langid = {german},
  note = {Version 2.0}
}

@online{ruettenSicherheitWebanwendungen2007,
  title = {Sicherheit von Webanwendungen},
  author = {Rütten, Christiane and Glemser, Tobias},
  date = {2007-01-25},
  journaltitle = {Security},
  url = {https://www.heise.de/security/artikel/Sicherheit-von-Webanwendungen-270870.html},
  urldate = {2020-07-06},
  abstract = {Besonders anfällig für Angriffe auf Webserver sind mit PHP oder anderen Skriptsprachen geschriebene Webanwendungen. Wer jedoch die gängigen Sicherheitslücken und Angriffstechniken kennt, kann den Attacken die Stirn bieten.},
  file = {/quellen/www_heise_de_security_artikel_Sicherheit_von_Webanwendungen_.pdf},
  langid = {german}
}

@online{ruhr24HackerAngriffLegtITSysteme2020,
  title = {Hacker-Angriff legt IT-Systeme der Uni Bochum lahm - Klausuren ausgefallen},
  author = {{Ruhr24}},
  date = {2020-05-07T21:14:00+02:00},
  journaltitle = {https://www.ruhr24.de},
  url = {https://www.ruhr24.de/ruhrgebiet/bochum-rub-uni-hacker-angriff-webmail-moodle-news-universitaet-systeme-it-studierende-13753554.html},
  urldate = {2020-05-16},
  abstract = {Ein Hacker-Angriff hat am Donnerstag IT-Systeme der Ruhr-Universität Bochum (RUB) lahmgelegt. Erste Prüfungen wurden bereits abgesagt.},
  file = {/quellen/www_ruhr24_de_ruhrgebiet_bochum_rub_uni_hacker_angriff_webma.pdf},
  langid = {german}
}

@online{schatzWhyWeChose2016,
  title = {Why We Chose {{Vue}}.Js},
  author = {Schatz, Jacob},
  date = {2016-10-20},
  journaltitle = {GitLab},
  url = {https://about.gitlab.com/blog/2016/10/20/why-we-chose-vue/},
  urldate = {2020-07-14},
  abstract = {Why GitLab went with Vue.js},
  file = {/quellen/about_gitlab_com_blog_2016_10_20_why_we_chose_vue.pdf},
  langid = {english}
}

@online{schirmacherUniGiessenNaehert2020,
  title = {Uni Gießen nähert sich nach Hacker-Attacke wieder dem Normalbetrieb},
  author = {Schirmacher, Dennis},
  date = {2020-06-01},
  journaltitle = {heise online},
  url = {https://www.heise.de/newsticker/meldung/Uni-Giessen-naehert-sich-nach-Hacker-Attacke-wieder-dem-Normalbetrieb-4628715.html},
  urldate = {2020-05-16},
  abstract = {Aufgrund eines IT-Sicherheitsvorfalls war die Universität Gießen um Weihnachten 2019 zeitweise komplett offline. Nun gehen erste Dienste wieder online.},
  file = {/quellen/www_heise_de_newsticker_meldung_Uni_Giessen_naehert_sich_nac.pdf},
  langid = {german}
}

@thesis{sosnaKonzeptionUndRealisierung2010,
  title = {Konzeption und Realisierung eines modular aufgebauten Auswertungs- und Überwachungssystems zur Durchführung von IT-Sicherheitsschulungen.},
  author = {Sosna, Alexander},
  date = {2010-06},
  institution = {{Hochschule Niederrhein}},
  langid = {german},
  pagetotal = {98},
  type = {Bachelor Arbeit}
}

@online{sqliteFeaturesSQLite,
  title = {Features {{Of SQLite}}},
  author = {{SQLite}},
  url = {https://www.sqlite.org/features.html},
  urldate = {2020-07-10},
  file = {/quellen/www_sqlite_org_features_html.pdf}
}

@online{stackexchangeStackOverflowDeveloper2020,
  title = {Stack {{Overflow Developer Survey}} 2020},
  author = {{Stack Exchange}},
  date = {2020-02},
  journaltitle = {Stack Overflow},
  url = {https://insights.stackoverflow.com/survey/2020/#technology-most-loved-dreaded-and-wanted-web-frameworks},
  urldate = {2020-07-13},
  abstract = {Nearly 65,000 took this comprehensive, annual survey of people who code. Demographics. Most loved, dreaded and wanted technologies. Salary and careers.},
  file = {/quellen/HVHSZ96H/2020.html},
  note = {The survey was fielded from February 5 to February 28.}
}

@online{stackexchangeStackOverflowTrends2020,
  title = {Stack {{Overflow Trends}}},
  author = {{Stack Exchange}},
  date = {2020-07-13},
  url = {https://insights.stackoverflow.com/trends?tags=reactjs%2Cvue.js%2Cangular%2Cangularjs},
  urldate = {2020-07-13},
  file = {/quellen/insights_stackoverflow_com_survey_2020_technology_most_loved.pdf}
}

@online{tanWhatCTFHow2020,
  title = {What Is {{CTF}} and How to Get Started!},
  author = {Tan, Aaron},
  date = {2020-05-07},
  journaltitle = {DEV Community},
  url = {https://dev.to/atan/what-is-ctf-and-how-to-get-started-3f04},
  urldate = {2020-07-06},
  abstract = {An introduction to the world of CTF},
  file = {/quellen/dev_to_atan_what_is_ctf_and_how_to_get_started_3f04.pdf},
  langid = {english}
}

@online{techuzTopWebsitesBuilt2018,
  title = {Top 9 {{Websites Built}} Using {{Vue}}.{{JS Front}}-{{End Framework}}},
  author = {{techuz}},
  date = {2018-08-30T18:33:32+00:00},
  journaltitle = {Techuz Blog},
  url = {https://www.techuz.com/blog/top-9-websites-built-using-vue-js/},
  urldate = {2020-07-14},
  abstract = {List of top 9 websites built using Vue.JS and how these well-known online brands taking the benefit of this JavaScript front-end development framework.},
  file = {/quellen/www_techuz_com_blog_top_9_websites_built_using_vue_js.pdf},
  langid = {american}
}

@online{teufelVueJsTutorial2018,
  title = {Vue.Js {{Tutorial}}: {{Einführung}} in Das {{JavaScript}}-{{Framework}}},
  author = {Teufel, Marc},
  date = {2018-07-23},
  url = {https://entwickler.de/online/javascript/tutorial-vue-js-einfuehrung-579851571.html},
  urldate = {2020-07-14},
  file = {/quellen/entwickler_de_online_javascript_tutorial_vue_js_einfuehrung_.pdf}
}

@online{teufelVueJsTutorial2018a,
  title = {Vue.Js {{Tutorial}}: {{So}} Entwickelt Man {{Komponenten}} Mit {{Vue}}.Js},
  author = {Teufel, Marc},
  date = {2018-07-25},
  url = {https://entwickler.de/online/javascript/einfuehrung-vuejs-vue-579851816.html},
  urldate = {2020-07-14},
  file = {/quellen/entwickler_de_online_javascript_einfuehrung_vuejs_vue_579851.pdf}
}

@online{thepostgresqlglobaldevelopmentgroupPostgreSQLDocumentation122020,
  title = {{{PostgreSQL}}: {{Documentation}}: 12: 2.~{{A Brief History}} of {{PostgreSQL}}},
  author = {{The PostgreSQL Global Development Group}},
  date = {2020},
  url = {https://www.postgresql.org/docs/current/history.html},
  urldate = {2020-07-10},
  file = {/quellen/www_postgresql_org_docs_current_history_html.pdf}
}

@online{ventzkemediaAngularVsReact2018,
  title = {Angular vs. {{React}} 2020 - {{Ein Vergleich}} Der {{Bibliotheken}}},
  author = {{Ventzke Media}},
  date = {2018-06-05},
  url = {https://www.ventzke-media.de/blog/angular-vs-react-vergleich.html},
  urldate = {2020-07-14},
  abstract = {Angular vs. React - Ein ausführlicher Vergleich 2020. Welche Bibliothek passt zu Ihrem Projekt?},
  file = {/quellen/www_ventzke_media_de_blog_angular_vs_react_vergleich_html.pdf}
}

@online{w3schoolsHTMLHiddenInput,
  title = {{{HTML}} Hidden Input},
  author = {{w3schools}},
  url = {https://www.w3schools.com/tags/att_input_type_hidden.asp},
  urldate = {2020-07-06},
  file = {/quellen/www_w3schools_com_tags_att_input_type_hidden_asp.pdf}
}

@online{wahlinWesentlichenVorteileAngular2017,
  title = {Die 5 wesentlichen Vorteile von Angular und TypeScript - Blog - t2informatik},
  author = {Wahlin, Dan},
  date = {2017-08-26},
  url = {https://t2informatik.de/blog/softwareentwicklung/die-5-wesentlichen-vorteile-von-angular-und-typescript/},
  urldate = {2020-07-14},
  file = {/quellen/t2informatik_de_blog_softwareentwicklung_die_5_wesentlichen_.pdf},
  langid = {en-US, de-DE},
  note = {Ins deutsche Übersetzt von t2informatik am 19.01.2019}
}

@online{wdrCyberattackeHackerangriffAuf2019,
  title = {Cyberattacke: Hackerangriff auf Universität Maastricht legt Wissenschaftsbetrieb lahm},
  shorttitle = {Cyberattacke},
  author = {{WDR}},
  date = {2019-12-27},
  url = {https://www1.wdr.de/nachrichten/rheinland/hacker-angriff-uni-maastricht-100.html},
  urldate = {2020-05-16},
  abstract = {• Hacker-Angriff legt Betrieb der Uni Maastricht lahm • Fast alle Windows-Systeme betroffen • Fraglich ist, ob wissenschaftliche Daten geklaut wurden},
  file = {/quellen/www1_wdr_de_nachrichten_rheinland_hacker_angriff_uni_maastri.pdf},
  langid = {german}
}

@online{wehnerSoftwareUnterMIT2020,
  title = {Software unter MIT Lizenz rechtssicher verwenden},
  author = {Wehner, Cornelia},
  date = {2020-04-02},
  journaltitle = {HÄRTING RECHTSANWÄLTE},
  url = {https://www.haerting.de/neuigkeit/software-unter-mit-lizenz-rechtssicher-verwenden},
  urldate = {2020-07-15},
  abstract = {Die MIT Lizenz erfreut sich unter den Open Source Lizenzen immer größerer Beliebtheit. Durch sehr freizügige Regelungen sind Weiterentwicklungen und Implementierungen von MIT-lizenziertem Quellcode in eigene Anwendungen unkompliziert möglich. Soll die eigene MIT-basierte Entwicklung geschützt werden, stehen die Lizenzbedingungen dem ebenfalls nicht entgegen – keine Selbstverständlichkeit im Open Source Lizenzdschungel. Einige wenige rechtliche Anforderungen müssen dennoch beachtet werden},
  file = {/quellen/www_haerting_de_neuigkeit_software_unter_mit_lizenz_rechtssi.pdf},
  langid = {german}
}

@online{wellbrockITSicherheitImKrankenhaus2019,
  title = {IT-Sicherheit im Krankenhaus: Hack bringt Krankenhäuser zum Stillstand - PSW GROUP Blog},
  shorttitle = {IT-Sicherheit im Krankenhaus},
  author = {Wellbrock, Bianca},
  date = {2019-09-10},
  url = {https://www.psw-group.de/blog/it-sicherheit-im-krankenhaus-hack-bringt-krankenhaeuser-zum-stillstand/7175},
  urldate = {2020-05-16},
  abstract = {Wird die IT-Sicherheit im Krankenhaus beeinträchtigt, hat das weitreichende Konsequenzen. Das musste auch der DRK Rheinland-Pfalz feststellen.},
  file = {/quellen/www_psw_group_de_blog_it_sicherheit_im_krankenhaus_hack_brin.pdf},
  langid = {german}
}

@book{wolffMicroservicesGrundlagenFlexibler2015,
  title = {Microservices: Grundlagen flexibler Softwarearchitekturen},
  shorttitle = {Microservices},
  author = {Wolff, Eberhard},
  date = {2015-10-01},
  edition = {1., Auflage},
  publisher = {{dpunkt.verlag GmbH}},
  location = {{Heidelberg}},
  abstract = {Eine Microservices-Architektur unterteilt Software-Systeme in eine Vielzahl kleiner Dienste, die unabhängig voneinander in Produktion gebracht werden können. Jedes Team arbeitet dabei an seinen Microservices und ist weitgehend entkoppelt von anderen Teams; das erlaubt eine einfache Skalierung agiler Prozesse. Die Aufteilung in Microservices schützt gegen den Verfall der Architektur, sodass die Systeme auch langfristig wartbar bleiben. Zudem können Legacy-Systeme durch Microservices ergänzt werden, ohne dabei den alten Code zu ändern. Und auch Continuous Delivery ist einfacher umsetzbar.  Eberhard Wolff bietet Ihnen in diesem Buch eine umfangreiche Einführung in das Thema Microservices. Dabei geht es u.a. um:  - Vor- und Nachteile des Microservice-Ansatzes - Microservices vs. SOA - Die übergreifende Architektur von Microservice-Systemen - Die Architektur einzelner Services - Auswirkungen auf Projektorganisation, Betrieb, Testen und Deployment - Nanoservices  Das Buch erläutert technologieneutrale Konzepte und Architekturen, die mit verschiedenen Technologien umgesetzt werden können. Als Beispiel für einen konkreten Technologie-Stack wird Java mit Spring Boot, dem Netflix-Stack und Spring Cloud gezeigt.  Anhand von vielen Beispielen und konkreten Szenarien lernen Sie, wie Microservices möglichst gewinnbringend genutzt werden können. Außerdem erhalten Sie Anregungen, das Gelernte durch eigene Experimente weiter zu vertiefen.},
  isbn = {978-3-86490-313-7},
  langid = {Deutsch},
  pagetotal = {386}
}


